@article{Adams1993,
author = {Adams, B. T. and Morel, J. E.},
journal = {Nuclear Science and Engineering},
pages = {253--264},
title = {{A Two-Grid Acceleration Scheme for the Multigroup \Sn Equations With Neutron Upscattering}},
volume = {115},
year = {1993}
}
@article{Adams2002,
author = {Adams, M. L. and Larsen, E. W.},
journal = {Progress in Nuclear Energy},
keywords = {acceleration,discrete ordinates,iteration,ltransport},
number = {1},
pages = {3--159},
title = {{Fast Iterative Methods for Discrete-Ordinates Particle Transport Calculations}},
volume = {40},
year = {2002}
}
@article{Alcouffe1977,
author = {Alcouffe, R. E.},
journal = {Nuclear Science and Engineering},
number = {1},
pages = {344--355},
title = {{Diffusion Synthetic Acceleration Methods for the Diamond-Differenced Discrete-Ordinates Equations}},
volume = {64},
year = {1977}
}
@inproceedings{Alcouffe1998,
address = {Nashville, TN},
author = {Alcouffe, R. E. and Baker, R. S.},
booktitle = {Radiation Protection and Shielding Division Topical Conference},
publisher = {American Nuclear Society},
title = {{Time-Dependent Deterministic Transport on Parallel Architectures Using PARTISN}},
year = {1998}
}
@article{Allen2002,
author = {Allen, E. J. and Berry, R. M.},
journal = {Annals of Nuclear Energy},
month = may,
number = {8},
pages = {929--935},
title = {{The Inverse Power Method for Calculation of Multiplication Factors}},
volume = {29},
year = {2002}
}
@article{Baker1998,
author = {Baker, Randal S. and Koch, Kenneth R.},
journal = {Nuclear Science and Engineering},
keywords = {Denovo,Methods},
mendeley-tags = {Denovo,Methods},
pages = {312--320},
title = {{An \Sn\ Algorithm for the Massively Parallel CM-200 Computer}},
volume = {128},
year = {1998}
}
@techreport{bw1484,
address = {Lynchburg, VA},
author = {Baldwin, M.N. and Hoovler, G.S. and Eng, R.L. and Welfare, F. G.},
institution = {The Babcock \& Wilcox Company},
number = {BAW-1484-7},
title = {{Critical Experiments Supporting Close Proximity Water Storage of Power Reactor Fuel}},
year = {1979}
}
@book{Barrett1994,
author = {Barrett, Richard and Michael, Berry and Chan, Tony F. and James, Demmel and Donato, June M. and Dongarra, Jack and Eijkhout, Victor and Pozo, Roldan and Romine, Charles and {Van Der Vorst}, Henk},
keywords = {Methods},
mendeley-tags = {Methods},
publisher = {SIAM},
title = {{Templates for the Solution of Linear Systems: Building Blocks for Iterative Methods}},
year = {1994}
}
@article{Benzi2002,
author = {Benzi, Michele},
journal = {Journal of Computational Physics},
pages = {418--477},
title = {{Preconditioning Techniques for Large Linear Systems: A Survey}},
volume = {182},
year = {2002}
}
@book{Birkhoff1984,
address = {Philadelphia, PA},
author = {Birkhoff and Lynch},
publisher = {SIAM},
title = {{Numerical Solution of Elliptic Problems}},
year = {1984}
}
@book{Briggs2000,
address = {Philadelphia, PA},
author = {Briggs, William L. and Henson, Van Emden and McCormick, Steve F.},
edition = {Second},
publisher = {SIAM},
title = {{A Multigrid Tutorial}},
year = {2000}
}
@misc{Bush2010,
author = {Bush, I. J. and Smith, W.},
booktitle = {Science \& Technology Facilities Council, Computational Science \& Engineering Department},
title = {{The Weak Scaling of DL\_POLY 3}},
url = {http://www.cse.scitech.ac.uk/arc/dlpoly\_scale.shtml\#top},
year = {2010}
}
@article{Chang2007,
author = {Chang, B. and Manteuffel, T. and McCormick, S. and Ruge, J. and Sheehan, B.},
journal = {SIAM Journal on Scientific Computing},
number = {5},
pages = {1900--1917},
title = {{Spatial Multigrid for Isotropic Neutron Transport}},
volume = {29},
year = {2007}
}
@article{Chen2004,
author = {Chen, G. and Sheu, R.},
journal = {Progress in Nuclear Energy},
number = {1},
pages = {11--23},
title = {{Application of Two Preconditioned Generalized Conjugate Gradient Methods to Three-Dimensional Neutron and Photon Transport Equations}},
volume = {45},
year = {2004}
}
@article{Dahmani2002,
author = {Dahmani, M. and {Le Tellier}, R. and Roy, R. and Hebert, A.},
journal = {Annals of Nuclear Energy},
volume = {32},
pages = {876--896},
title = {{An efficient preconditioning technique using Krylov subspace methods for 3D characteristics solvers}},
year = {2005}
}
@article{Davidson2013,
author = {Davidson, Gregory G. and Evans, Thomas M. and Jarrell, Jousha J. and Slaybaugh, Rachel N. and Baker, Christopher G.},
journal = {Nuclear Science and Engineering},
volume = {32},
pages = {876--896},
title = {{Massively Parallel, Three-Dimensional Transport Solutions for the k-Eigenvalue Problem}},
year = {2013}
}
@inproceedings{Davidson2010,
address = {La Grange Park, IL},
author = {Davidson, Gregory G. and Evans, Thomas M. and Slaybaugh, Rachel N. and Baker, Christopher G.},
booktitle = {American Nuclear Society Transations Vol 103},
publisher = {American Nuclear Society},
title = {{Massively Parallel Solutions to the k-Eigenvalue Problem}},
year = {2010}
}
@book{Duderstadt1976,
address = {New York},
author = {Duderstadt, James J. and Hamilton, Louis J.},
edition = {1},
publisher = {John Wiley \& Sons, Inc.},
title = {{Nuclear Reactor Analysis}},
year = {1976}
}
@misc{Evans2011a,
address = {knoxville, TN},
author = {Evans, T. M.},
title = {{Personal Communication; Reflecting Boundary Conditions}},
year = {2011}
}
@misc{Evans2011b,
address = {knoxville, TN},
author = {Evans, T. M.},
title = {{Personal Communication; Energy Set Communication}},
year = {2011}
}
@techreport{Evans2009a,
address = {Oak Ridge, TN},
author = {Evans, T. M.},
institution = {Oak Ridge National Laboratory},
title = {{Research Objectives (from INCITE proposal)}},
year = {2009}
}
@techreport{Evans2009,
address = {Oak Ridge, TN},
author = {Evans, T. M.},
institution = {Oak Ridge National Lab},
title = {{Denovo Methods Manual}},
year = {2009}
}
@article{Evans2011,
author = {Evans, T. M. and Davidson, G. G. and Slaybaugh, R. N.},
journal = {Journal of Physics: Conference Series},
volume = {SciDAC 2010},
title = {{Three-Dimensional Full Core Power Calculations for Pressurized Water Reactors}},
year = {2011}
}
@article{Evans2009d,
author = {Evans, T. M. and Stafford, A. S. and Slaybaugh, R. N. and Clarno, K. T.},
address = {Oak Ridge, TN},
institution = {Oak Ridge National Lab},
journal = {Nuclear Technology},
number = {2},
pages = {171--200},
title = {{Denovo: A New Three-Dimensional Parallel Discrete Ordinates Code in SCALE}},
volume = {171},
year = {2010}
}
@techreport{Evans2010,
address = {Oak Ridge, TN},
author = {Evans, Tom and Davidson, Greg},
booktitle = {Energy},
institution = {Oak Ridge National Laboratory},
title = {{Technical Note, Subject: Parallel Energy Decomposition in Denovo (Rev. 1)}},
year = {2010}
}
@inproceedings{Fennern2006,
author = {Fennern, Larry E.},
booktitle = {ESBWR Seminar},
publisher = {General Electric},
title = {{ESBWR Seminar Â–Reactor , Core \& Neutronics}},
year = {2006}
}
@article{Gupta2004,
author = {Gupta, A. and Modak, R. S.},
journal = {Annals of Nuclear Energy},
pages = {2113--2125},
title = {{Krylov Sub-space Methods for K-eigenvalue Problem in 3-D Neutron Transport}},
volume = {31},
year = {2004}
}
@book{Heath2002,
address = {New York, NY},
author = {Heath, Michael T.},
edition = {Second},
publisher = {McGraw-Hill},
title = {{Scientific Computing An Introductory Survey}},
year = {2002}
}
@inproceedings{Hernandez1998,
address = {Porto, Portugal},
author = {Hernandez, Vicente and Roman, Jose E. and Vidal, Anonio M. and Vidal, Vicent},
booktitle = {Vector and Parallel Processing - VECPAR '98},
editor = {Plama, Jose M.L. and Dongarra, Jack and Hernandez, Vicente},
pages = {43--57},
publisher = {Springer},
title = {{Calculation of Lamdba Modes of a Nuclear Reactor: A Parallel Implementation Using the Implicitly Restarted Arnoldi Method}},
year = {1998}
}
@techreport{Heroux2007,
address = {Albuquerque, NM},
author = {Heroux, Michael A.},
booktitle = {Energy},
institution = {Sandia National Laboratory},
number = {August},
title = {{AztecOO User Guide}},
year = {2007}
}
@article{1089021,
author = {Michael A. Heroux and Roscoe A. Bartlett and Vicki E. Howle and Robert J. Hoekstra and Jonathan J. Hu and Tamara G. Kolda and Richard B. Lehoucq and Kevin R. Long and Roger P. Pawlowski and Eric T. Phipps and Andrew G. Salinger and Heidi K. Thornquist and Ray S. Tuminaro and James M. Willenbring and Alan Williams and Kendall S. Stanley},
title = {An overview of the Trilinos project},
journal = {ACM Trans. Math. Softw.},
volume = {31},
number = {3},
year = {2005},
issn = {0098-3500},
pages = {397--423},
doi = {http://doi.acm.org/10.1145/1089014.1089021},
publisher = {ACM Press},
address = {New York, NY, USA}
}
@article{Hotta1997,
author = {Hotta, Akitoshi and Suzawa, Yojiro and Takeuchi, Hiroyuki},
journal = {Annals of Nuclear Energy},
month = nov,
number = {17},
pages = {1403--1427},
title = {{Development of BWR Regional Instability Model and Verification Based on Ringhals 1 Test}},
volume = {24},
year = {1997}
}
@incollection{Ipsen,
address = {Berlin},
author = {Ipsen, Ilse C. F.},
booktitle = {Mathematical Works, Volume II: Linear Algebra and Analysis},
editor = {Huppert, B. and Schneider, E.},
pages = {464--472},
publisher = {Walter De Gruyter},
title = {{A History of Inverse Iteration}},
year = {1996}
}
@article{Ipsen1998,
address = {Raleigh, NC},
author = {Ipsen, Ilse C. F. and Meyer, Carl D.},
institution = {North Carolina State University},
journal = {Amer. Math. Monthly},
number = {10},
pages = {889--899},
title = {{The Idea Behind Krylov Methods}},
volume = {105},
year = {1998}
}
@article{Itagaki2002,
author = {Itagaki, Masafumi},
journal = {Engineering Analysis With Boundary Elements},
pages = {807--812},
title = {{Matrix-Type Multiple Reciprocity Method Applied to the Modified Helmholtz Neutron Flux Mode in Nuclear Criticality System}},
volume = {26},
year = {2002}
}
@article{Itagaki1996,
author = {Itagaki, Masafumi and Sahashi, Naoki},
journal = {Nuclear Science and Technology},
number = {2},
pages = {101--109},
title = {{Three-Dimensional Multiple Reciprocity Boundary Element Method for One-Group Neutron Diffusion Eigenvale Computations}},
volume = {33},
year = {1996}
}
@online{jaguar2010,
author = {{National Center For Computational Sciences}},
title = {{World's Most Powerful Computer For Science}},
url = {http://www.nccs.gov/jaguar/},
year = {2010}
}
@article{Jarrell2009,
author = {Joshua J. Jarrell and Marvin L. Adams and Joel M. Risner},
journal = {Nuclear Technology},
number = {2},
pages = {424--430},
title = {{Application of Quadruple Range Quadratures to Three-Dimensional Model Shielding Problems}},
volume = {168},
year = {20049}
}
@online{Titan2013,
author = {{Oak Ridge Leadership Computing Facility}},
title = {{Introducing Titan, Advancing the Era of Accelerated Computing \\http://www.olcf.ornl.gov/titan/}},
url = {http://www.olcf.ornl.gov/titan/},
year = {27 April 2013}
}
@article{Knoll2004,
author = {Knoll, D. and Keyes, D. E.},
journal = {Journal of Computational Physics},
number = {2},
pages = {357--397},
title = {{Jacobian-free Newtonâ€“-Krylov Methods: A Survey of Approaches and Applications}},
volume = {193},
year = {2004}
}
@techreport{Kobayashi2000,
author = {Kobayashi, Keisuke and Sugimura, Naoki and Nagaya, Yasunobu},
institution = {Nuclear Energy Agency Nuclear Science Committee, OECD},
pages = {1--36},
title = {{3D Radiation Transport Benchmark Problems and Results for Simple Geometries With Void Regions}},
year = {2000}
}
@inproceedings{Kozlowski2003,
address = {New Orleans, LA},
author = {Kozlowski, T. and Downar, T. J. and Lewis, E. E.},
booktitle = {International Conference on Nuclear Technology},
pages = {498--499},
publisher = {American Nuclear Society},
title = {{Optimal Krylov Preconditioning for Solution of the Multigroup, SP3 Neutron Transport Equations}},
year = {2003}
}
@article{Larsen1982,
author = {Larsen, Edward W.},
journal = {Nuclear Science and Engineering},
number = {1},
pages = {47--63},
title = {{Unconditionally Stable Diffusion-Synthetic Acceleration Method for the Slab Geometry Discrete Ordinates Equations. Part I: Theory}},
volume = {82},
year = {1982}
}
@inproceedings{Larsen1986,
address = {La Grange Park, IL},
author = {Larsen, Edward W. and Miller, Jr., W. F.},
booktitle = {American Nuclear Society Transations Vol 52},
publisher = {American Nuclear Society},
pages = {416--417},
title = {{A Two-Step Acceleration Method for Transport Problems}},
year = {1986}
}
@article{Lee2010,
author = {Lee, B.},
journal = {SIAM Journal on Scientific Computing},
number = {6},
pages = {4744--4773},
title = {{A Novel Multigrid Method for \Sn Discretizations of the Mono-Energetic Boltzmann Transport Equation in the Optically Thick and Thin Regimes With Anisotropic Scattering, Part I}},
volume = {31},
year = {2010}
}
@book{LeVeque2007,
address = {Philadelphia, PA},
author = {LeVeque, Randall J.},
edition = {1},
publisher = {SIAM},
title = {{Finite Difference Methods for Ordinary and Partial Differential Equations}},
year = {2007}
}
@misc{Lewis1977,
address = {New York, NY},
annote = {undefined},
author = {Lewis, E. E.},
booktitle = {American Nuclear Society Annual Meeting, V. 26},
pages = {225--6},
publisher = {American Nuclear Society},
title = {{Conjugate Gradient Solutions to the Discrete Ordinates Equations}},
year = {1977}
}
@book{Lewis1993,
address = {La Grange Park, IL},
author = {Lewis, E. E. and Miller, Jr., W. F.},
edition = {1},
publisher = {American Nuclear Society},
title = {{Computational Methods of Neutron Transport}},
year = {1993}
}
@misc{Matthews2005,
author = {Matthews, John H. and Fink, Kurtis},
pages = {Module for Galerkin's Method},
title = {{Numerical Methods Using Mathematica -- Complementray Supplement for Numerical Analysis, Numerical Methods}},
url = {http://math.fullerton.edu/mathews/n2003/GalerkinMod.html},
year = {2005}
}
@article{Modak2006,
author = {Modak, R. and Gupta, A.},
journal = {Annals of Nuclear Energy},
month = apr,
number = {6},
pages = {538--543},
title = {{New Applications of Orthomin(1) Algorithm for K-eigenvalue Problem in Reactor Physics}},
volume = {33},
year = {2006}
}
@misc{Moore1999,
author = {Moore, Ross and Drakos, Nikos},
pages = {Richardson Iterative Method},
title = {{Lecture Notes on Numerical Linear Algebra: Richardson Iterative Method}},
url = {http://www.nasc.snu.ac.kr/sheen/nla/html/node31.html},
year = {1999}
}
@book{Nakamura1977,
address = {New York},
author = {Nakamura, Shoichiro},
edition = {1st},
publisher = {John Wiley \& Sons, Inc.},
title = {{Computational Methods in Engineering and Science, With Applications to Fluid Dynamics and Nuclear Systems}},
year = {1977}
}
@article{Nachtigal1992,
author = {Nachtigal, N. M. and Reddy, S. C. and Trefethen, L. N.},
journal = {SIAM Journal on Matrix Analysis and Applications},
number = {3},
pages = {778--795},
title = {{How Fast are Nonsymmetric Matrix Iterations?}},
volume = {13},
year = {1992}
}
@article{Notay2003,
author = {Notay, Yvan},
journal = {SIAM Journal on Matrix Analysis and Applications},
number = {3},
pages = {627--644},
title = {{Convergence Analysis of Inexact Rayleigh Quotient Iteration}},
volume = {24},
year = {2003}
}
@techreport{OECD-NEA2005,
address = {Paris, France},
author = {OECD-NEA},
booktitle = {Nuclear Energy},
institution = {Nuclear Energy Agency, Organisation for Economic Co-operation and Development},
number = {5420},
pages = {41},
title = {{Benchmark on Deterministic Transport Calculations Without Spatial Homogenisation, MOX Fuel Assembly 3-D Extension Case}},
year = {2005}
}
@techreport{OECD-NEA2003,
address = {Paris, France},
author = {OECD-NEA},
booktitle = {Assembly},
institution = {Nuclear Energy Agency, Organisation for Economic Co-operation and Development},
pages = {34},
title = {{Benchmark on Deterministic Transport Calculations Without Spatial Homogenisation, A 2-D/3-D MOX Fuel Assembly Benchmark}},
year = {2003}
}
@article{Oliveira1998,
author = {Oliveira, Suely and Deng, Yuanhua},
journal = {Progress in Nuclear Energy},
number = {1},
pages = {155--174},
title = {{Preconditioned Krylov Subspace Methods for Transport Equations}},
volume = {33},
year = {1998}
}
@article{Paige2006,
author = {Paige, Christopher C. and Rozlo\u{z}n\'{i}k, Miroslav and Strako\u{s}, Zdenv\u{e}k},
journal = {SIAM Journal on Matrix Analysis and Applications},
number = {1},
pages = {264--284},
title = {{Modified Gram-Schmidt (MGS), Least Squares, and Backward Stability of MGS-GMRES}},
volume = {28},
year = {2006}
}
@article{Parlett1974,
author = {Parlett, B. N.},
journal = {Mathematics of Computation},
number = {127},
pages = {679--693},
title = {{Rayleigh Quotient Iteration and Some Generalizations for Nonnormal Matrices}},
volume = {28},
year = {1974}
}
@article{Patton2002,
author = {Patton, Bruce W. and Holloway, James Paul},
journal = {Annals of Nuclear Energy},
pages = {109--136},
title = {{Application of Preconditioned GMRES to the Numerical Solution of the Neutron Transport Equation}},
volume = {29},
year = {2002}
}
@article{Peters1979,
author = {Peters, G. and Wilkinson, J. H.},
journal = {Society for Industrial and Applied Mathematics Review},
number = {3},
pages = {339--360},
title = {{Inverse Iteration, Ill-Conditioned Equations and Newton's Method}},
volume = {21},
year = {1979}
}
@article{Ramone1997,
author = {Ramone, Gilles L. and Adams, Marvin L. and Nowak, Paul L.},
journal = {Nuclear Science and Engineering},
pages = {257--283},
title = {{A Transport Synthetic Acceleration Method for Transport Iterations}},
volume = {125},
year = {1997}
}
@article{Rosa2010,
author = {Rosa, Massimiliano and Warsa, James S. and Chang, Jae H.},
journal = {Nuclear Science and Engineering},
pages = {248--263},
title = {{Fourier Analysis of Inexact Parallel Block-Jacobi Splitting With Transport Synthetic Acceleration}},
volume = {164},
year = {2010}
}
@article{Saad1986,
author = {Saad, Youcef and Schultz, Martin H.},
journal = {SIAM Journal on Scientific and Statistical Computing},
number = {3},
pages = {856--869},
title = {{GMRES: a generalized minimal residual algorithm for solving nonsymmetric linear}},
volume = {7},
year = {1986}
}
@inproceedings{Sjoden1996,
address = {Washington, DC},
author = {Sjoden, Glenn E. and Haghighat, Alireza},
booktitle = {Transactions of the American Nuclear Society},
pages = {152--154},
publisher = {ANS},
title = {{Simplified Multigrid Acceleration in the PENTRAN 3-D Parallel Code}},
year = {1996}
}
@incollection{Skeel2006,
address = {West Lafayette, IN},
author = {Skeel, Robert D.},
booktitle = {{Numerical Linear Algebra}},
chapter = {Chapter 7},
pages = {163--164},
publisher = {Robert D. Skeel},
title = {{Numerical Linear Algebra}},
url = {http://www.cs.purdue.edu/homes/skeel/CS515/},
year = {2006}
}
@book{Slaybaugh2011,
	address = {Madison, WI},
	author = {Slaybaugh, R. N.},
	publisher = {University of Wisconsin},
	title = {{Acceleration Methods for Massively Parallel Deterministic Transport, a Ph.D. Dissertation}},
	year = {2011}
}
@article{Slaybaugh2013,
author = {Slaybaugh, R. N. and Evans, T. M. and Davidson, G. G. and Wilson, P. P. H.},
journal = {Journal of Computational Physics},
number = {},
pages = {405--419},
title = {{Multigrid in energy preconditioner for Krylov solvers}},
volume = {242},
year = {2013}
}
@inproceedings{Slaybaugh2012,
address = {Knoxville, TN},
author = {Slaybaugh, R. N. and Evans, T. M. and Davidson, G. G. and Wilson, P. P. H.},
booktitle = {PHYSOR 2012 Advances in Reactor Physics Linking Research, Industry, and Education},
file = {:home/nuceraccoon/Documents/PhD\_Research/Papers/Physor2012\_Paper/physor2012\_Slaybaugh.pdf:pdf},
keywords = {energy decomposition,krylov methods,rayleigh quotient,shifted inverse iteration},
publisher = {American Nuclear Society},
title = {{Rayleigh Quotient Iteration in 3D, Deterministic Neutron Transport}},
year = {2012}
}
@inproceedings{Slaybaugh2015,
address = {Knoxville, TN},
author = {Slaybaugh, R. N. and Evans, T. M. and Davidson, G. G. and Wilson, P. P. H.},
booktitle = {Joint International Conference of Mathematics and Computation, Supercomputing in Nuclear Applications and the Monte Carlo Method},
keywords = {Krylov,Rayleigh Quotient, Multigrid, Preconditioning},
publisher = {American Nuclear Society},
title = {{Rayleigh Quotient Iteration with a Multigrid in Energy Preconditioner for Massively Parallel Neutron Transport}},
year = {2015}
}
@techreport{Sorensen1996,
address = {Hampton, VA},
author = {Sorensen, Danny C.},
booktitle = {Contractor},
institution = {ICASE, NASA Contractor Report 198342},
pages = {1--34},
title = {{Implicitly Restarted Arnoldi/Lanczos Methods for Large Scale Eigenvalue Calculations}},
year = {1996}
}
@book{Stewart2001,
address = {Philadelphia, PA},
author = {Stewart, G. W.},
edition = {1},
publisher = {SIAM},
title = {{Matrix Algorithms Volume II: Eigensystems}},
year = {2001}
}
@misc{Strang,
address = {Boston, MA},
author = {Strang, Gilbert},
publisher = {Massachusetts Institute of Technology: MIT OpenCouseWare},
title = {{Mathematical Methods for Engineers II}},
url = {http://ocw.mit.edu}
}
@article{Suetomi1991,
author = {Suetomi, E. and Sekimoto, H.},
journal = {Annals of Nuclear Energy},
number = {4},
pages = {205--227},
title = {{Conjugate Gradient Like Methods and Their Application to Eigenvalue Problems for Neutron Diffusion Equation}},
volume = {18},
year = {1991}
}
@article{Suetomi1988,
author = {Suetomi, Eiichi and Sekimoto, Hiroshi},
journal = {Nuclear Science and Technology},
number = {1},
pages = {100--103},
title = {{Application of Preconditioned Conjugate Gradient Method to Eigenvalue Problems for One-Group Neutron Diffusion Equation}},
volume = {25},
year = {1988}
}
@article{Szyld2011,
author = {Szyld, Daniel B. and Xue, Fei},
journal = {SIAM Journal on Matrix Analysis and Applications},
number = {3},
pages = {993--1018},
title = {{Efficient Preconditioned Inner Solves for Inexact Rayleigh Quotient Iteration and Their Connections to the Single-Vector Jacobi-Davidson Method}},
volume = {32},
year = {2011}
}
@book{Trefethen1997,
address = {Philadelphia, PA},
author = {Trefethen, Lloyd N. and Bau, III, David},
publisher = {SIAM},
title = {{Numerical Linear Algebra}},
year = {1997}
}
@article{Verdu1999,
author = {Verdu, G. and Miro, R. and Ginestar, D. and Vidal, V.},
journal = {Annals of Nuclear Energy},
month = may,
number = {7},
pages = {579--593},
title = {{The Implicit Restarted Arnoldi Method, an Efficient Alternative to Solve the Neutron Diffusion Equation}},
volume = {26},
year = {1999}
}
@article{Vidal1997,
author = {Vidal, V. and Verd\'{u}, G. and Ginestar, D. and Mu\~{n}oz-Cobo, J. L.},
journal = {Annals of Nuclear Energy},
number = {5},
pages = {387--410},
title = {{Eigenvalues Calculation Algorithms for Lambda-modes Determination. Parallelization Approach}},
volume = {24},
year = {1997}
}
@article{Vidal1998,
author = {Vidal, V. and Verd\'{u}, G. and Ginestar, D. and Mu\~{n}oz-Cobo, J. L.},
journal = {International Journal for Numerical Methods in Engineering},
month = feb,
number = {3},
pages = {391--407},
title = {{Variational acceleration for Subspace Iteration Method. Application to nuclear power reactors}},
volume = {41},
year = {1998}
}
@article{Warsa2004,
author = {Warsa, James S. and Wareing, Todd A. and Morel, Jim E.},
journal = {Nuclear Science and Engineering},
pages = {218--248},
title = {{Krylov Iterative Methods and the Degraded Effectiveness of Diffusion Synthetic Acceleration for Multidimensional \Sn Calculations in Problems With Material Discontinuities}},
volume = {147},
year = {2004}
}
@article{Warsa2004a,
author = {Warsa, James S. and Wareing, Todd A. and Morel, Jim E. and McGhee, John M. Sand Lehoucq, Richard B.},
journal = {Nuclear Science and Engineering},
pages = {26--42},
title = {{Krylov Subspace Iterations for Deterministic k-Eigenvalue Calculations}},
volume = {147},
year = {2004}
}
@article{Yamamoto2005,
author = {Yamamoto, Akio},
journal = {Nuclear Science and Engineering},
pages = {274--282},
title = {{Generalized Coarse-Mesh Rebalance Method for Acceleration of Neutron Transport Calculations}},
volume = {151},
year = {2005}
}
@article{Zinzani2008,
author = {Zinzani, F. and Demaziere, C. and Sunde, C.},
journal = {Annals of Nuclear Energy},
month = nov,
number = {11},
pages = {2109--2125},
title = {{Calculation of the Eigenfunctions of the Two-Group Neutron Diffusion Equation and Application to Modal Decomposition of BWR Instabilities}},
volume = {35},
year = {2008}
}
@misc{BinaryTree2012,
author = {WolframMathWorld},
booktitle = {Binary Tree},
title = {{Binary Tree, http://mathworld.wolfram.com/\\BinaryTree.html}},
url = {http://mathworld.wolfram.com/BinaryTree.html},
year = {14 September 2012}
}
@book{SaadEig,
author = {Y. Saad},
title = {Numerical Methods for Large Eigenvalue Problems},
address = {Manchester, UK},
edition = {Second},
publisher = {Manchester University Press},
year = {1992}
}

